<?xml version="1.0" encoding="UTF-8"?><record xmlns="http://www.loc.gov/MARC21/slim" xmlns:cinclude="http://apache.org/cocoon/include/1.0" xmlns:zs="http://www.loc.gov/zing/srw/">
  <leader>00485nz  a2200133n  4500</leader>
  <controlfield tag="001">n 2007033722</controlfield>
  <controlfield tag="003">DLC</controlfield>
  <controlfield tag="005">20070512075018.0</controlfield>
  <controlfield tag="008">070511n| acannaabn          |a aaa      </controlfield>
  <datafield tag="010" ind1=" " ind2=" ">
    <subfield code="a">n 2007033722</subfield>
  </datafield>
  <datafield tag="040" ind1=" " ind2=" ">
    <subfield code="a">DLC</subfield>
    <subfield code="b">eng</subfield>
    <subfield code="c">DLC</subfield>
  </datafield>
  <datafield tag="100" ind1="1" ind2=" ">
    <subfield code="a">Murik, S. Ė.</subfield>
    <subfield code="q">(Sergeĭ Ėduardovich)</subfield>
  </datafield>
  <datafield tag="400" ind1="1" ind2=" ">
    <subfield code="a">Murik, Sergeĭ Ėduardovich</subfield>
  </datafield>
  <datafield tag="670" ind1=" " ind2=" ">
    <subfield code="a">Murik, S. Ė. Obshchie neĭronalʹnye mekhanizmy motivat︠s︡iĭ i ėmot︠s︡iĭ, 2006:</subfield>
    <subfield code="b">t.p. (S.Ė. Murik) colophon (Murik Sergeĭ Ėduardovich)</subfield>
  </datafield>
</record>